Automatically generated by Mendeley Desktop 1.17.13
Any changes to this file will be lost if it is regenerated by Mendeley.

BibTeX export options can be customized via Options -> BibTeX in Mendeley Desktop

@book{latex2e,
    title = {改定第４版　\LaTeX$2\varepsilon$ 美文書作成入門},
    author = {晴彦, 奥村},
    editor = {真己, 須藤},
    publisher = {(社)技術評論社},
    address = {東京},
    year = {2007},
}
    
    
