
@book{bib:Latex2E,
 title = {改定第4版 LATEX2$\varepsilon$ 美文書作成入門},
 author = {奥村晴彦},
 editor = {須藤真己},
 publisher = {(社)技術評論社},
 address = {東京},
 year = {2007},
}
